@book{javaeineinsel,
	author = {Ullenboom, Christian},
	citeulike-article-id = {2004953},
	citeulike-linkout-0 = {http://www.amazon.ca/exec/obidos/redirect?tag=citeulike09-20\&amp;path=ASIN/3836211467},
	citeulike-linkout-1 = {http://www.amazon.de/exec/obidos/redirect?tag=citeulike01-21\&amp;path=ASIN/3836211467},
	citeulike-linkout-2 = {http://www.amazon.fr/exec/obidos/redirect?tag=citeulike06-21\&amp;path=ASIN/3836211467},
	citeulike-linkout-3 = {http://www.amazon.jp/exec/obidos/ASIN/3836211467},
	citeulike-linkout-4 = {http://www.amazon.co.uk/exec/obidos/ASIN/3836211467/citeulike00-21},
	citeulike-linkout-5 = {http://www.amazon.com/exec/obidos/redirect?tag=citeulike07-20\&path=ASIN/3836211467},
	citeulike-linkout-6 = {http://www.worldcat.org/isbn/3836211467},
	citeulike-linkout-7 = {http://books.google.com/books?vid=ISBN3836211467},
	citeulike-linkout-8 = {http://www.amazon.com/gp/search?keywords=3836211467\&index=books\&linkCode=qs},
	citeulike-linkout-9 = {http://www.librarything.com/isbn/3836211467},
	edition = {8},
	howpublished = {Hardcover},
	isbn = {3836211467},
	posted-at = {2010-08-04 18:47:35},
	priority = {2},
	publisher = {Galileo Press GmbH},
	title = {Java ist auch eine Insel},
	url = {http://www.amazon.com/exec/obidos/redirect?tag=citeulike07-20\&path=ASIN/3836211467},
	year = {2010}
}

@misc{asm_license,
	Author = {ASM},
	howpublished = {http://asm.ow2.org/license.html},
	note = {Letzter Zugriff am 11 August, 2016},
	title = {ASM License},
	url = {http://asm.ow2.org/license.html},
	year = {2016}
}

@misc{gpl_wiki,
	Author = {Wikipedia},
	howpublished = {https://de.wikipedia.org/wiki/GNU%5FGeneral%5FPublic%5FLicense},
	note = {Letzter Zugriff am 12 August, 2016},
	title = {GNU General Public License},
	url = {https://de.wikipedia.org/wiki/GNU%5FGeneral%5FPublic%5FLicense},
	year = {2016}
}

@misc{lgpl_wiki,
	Author = {Wikipedia},
	howpublished = {https://de.wikipedia.org/wiki/GNU%5FLesser%5FGeneral%5FPublic%5FLicense},
	note = {Letzter Zugriff am 12 August, 2016},
	title = {GNU Lesser General Public License},
	url = {https://de.wikipedia.org/wiki/GNU%5FLesser%5FGeneral%5FPublic%5FLicense},
	year = {2016}
}

@misc{apache_wiki,
	Author = {Wikipedia},
	howpublished = {https://de.wikipedia.org/wiki/Apache-Lizenz},
	note = {Letzter Zugriff am 12 August, 2016},
	title = {Apache-Lizenz},
	url = {https://de.wikipedia.org/wiki/Apache-Lizenz},
	year = {2016}
}

@misc{bsd_wiki,
	Author = {Wikipedia},
	howpublished = {https://de.wikipedia.org/wiki/BSD-Lizenz},
	note = {Letzter Zugriff am 12 August, 2016},
	title = {BSD-Lizenz},
	url = {https://de.wikipedia.org/wiki/BSD-Lizenz},
	year = {2016}
}

@misc{eupl_wiki,
	Author = {Wikipedia},
	howpublished = {https://de.wikipedia.org/wiki/European%5FUnion%5FPublic%5FLicence},
	note = {Letzter Zugriff am 12 August, 2016},
	title = {European Union Public Licence},
	url = {https://de.wikipedia.org/wiki/European%5FUnion%5FPublic%5FLicence},
	year = {2016}
}

@misc{tracing_wiki,
	Author = {Wikipedia},
	howpublished = {https://en.wikipedia.org/wiki/Tracing%5F(software)},
	note = {Letzter Zugriff am 12 August, 2016},
	title = {Tracing (software)},
	url = {https://en.wikipedia.org/wiki/Tracing%5F(software)},
	year = {2016}
}

@misc{blog_byte_manipulation,
	Author = {Ashley Puls},
	howpublished = {https://blog.newrelic.com/2014/09/29/diving-bytecode-manipulation-creating-audit-log-asm-javassist/},
	note = {Letzter Zugriff am 16 August, 2016},
	title = {Diving into Bytecode Manipulation: Creating an Audit Log with ASM and Javassist},
	url = {https://blog.newrelic.com/2014/09/29/diving-bytecode-manipulation-creating-audit-log-asm-javassist/},
	year = {2014}
}

@misc{agent_arg_stack,
	Author = {Duncan},
	howpublished = {http://stackoverflow.com/questions/23287228/how-do-i-pass-arguments-to-a-java-instrumentation-agent},
	note = {Letzter Zugriff am 16 August, 2016},
	title = {How do I pass arguments to a Java instrumentation agent?},
	url = {http://stackoverflow.com/questions/23287228/how-do-i-pass-arguments-to-a-java-instrumentation-agent},
	year = {2014}
}